%Bibliografia

%artykuł
@article{dowolna_etykieta_artykulu,
 author               = {Nieznany autor},
 journal              = {Nieznane czasopismo},
 title                = {Nieznany tytuł},
 year                 = {2011},
 }

%książka
@book{dowolna_etykieta_ksiazki,
 author               = {Nieznany autor},
 note                 = {(nieznany język)},
 publisher            = {Nieznane wydawnictwo},
 title                = {Nieznany tytuł},
 year                 = {2006},
}
